<record><leader>00000cas a22000007a 4500</leader><controlfield tag="001">20650503</controlfield><controlfield tag="008">891115c19829999mnuwr ne      0    0eng d</controlfield><datafield ind1=" " ind2=" " tag="010"><subfield code="a">sn 89064723 </subfield></datafield><datafield ind1=" " ind2=" " tag="040"><subfield code="a">MN#</subfield><subfield code="b">eng</subfield><subfield code="c">MN#</subfield><subfield code="d">OCLCQ</subfield><subfield code="d">OCLCF</subfield><subfield code="d">OCLCO</subfield></datafield><datafield ind1=" " ind2=" " tag="042"><subfield code="a">msc</subfield></datafield><datafield ind1=" " ind2=" " tag="043"><subfield code="a">n-us-mn</subfield></datafield><datafield ind1=" " ind2=" " tag="052"><subfield code="a">4144</subfield><subfield code="b">D6</subfield></datafield><datafield ind1=" " ind2=" " tag="052"><subfield code="a">4143</subfield><subfield code="b">B2</subfield></datafield><datafield ind1="0" ind2=" " tag="130"><subfield code="a">Becker County record (Detroit Lakes, Minn. : 1982)</subfield></datafield><datafield ind1="1" ind2="4" tag="245"><subfield code="a">The Becker County record.</subfield></datafield><datafield ind1=" " ind2=" " tag="260"><subfield code="a">Detroit Lakes, MN :</subfield><subfield code="b">John Meyer,</subfield><subfield code="c">1982-</subfield></datafield><datafield ind1=" " ind2=" " tag="300"><subfield code="a">v.</subfield></datafield><datafield ind1=" " ind2=" " tag="310"><subfield code="a">Weekly</subfield></datafield><datafield ind1="0" ind2=" " tag="362"><subfield code="a">Vol. 111, no. 39 (Sept. 27, 1982)-</subfield></datafield><datafield ind1=" " ind2=" " tag="530"><subfield code="a">Available on microfilm from the Minnesota Historical Society.</subfield></datafield><datafield ind1=" " ind2="0" tag="651"><subfield code="a">Detroit Lakes (Minn.)</subfield><subfield code="v">Newspapers.</subfield></datafield><datafield ind1=" " ind2="7" tag="655"><subfield code="a">Newspapers.</subfield><subfield code="2">fast</subfield><subfield code="0">(OCoLC)fst01423814</subfield></datafield><datafield ind1=" " ind2="7" tag="651"><subfield code="a">Minnesota</subfield><subfield code="z">Detroit Lakes.</subfield><subfield code="2">fast</subfield><subfield code="0">(OCoLC)fst01220188</subfield></datafield><datafield ind1=" " ind2=" " tag="752"><subfield code="a">United States</subfield><subfield code="b">Minnesota</subfield><subfield code="c">Becker</subfield><subfield code="d">Detroit Lakes.</subfield></datafield><datafield ind1="0" ind2="0" tag="780"><subfield code="t">Record (Detroit Lakes : 1977)</subfield><subfield code="w">(DLC)sn 89064722</subfield></datafield></record>